@ARTICLE{ARTICLE:1,
    AUTHOR="Dawid Kopczyk",
    TITLE="Quantum machine learning for data scientists",
    YEAR="2018",
}

@ARTICLE{ARTICLE:2,
    AUTHOR="James Stokes, Josh Izaac, Nathan Killoran, and Giuseppe Carleo",
    TITLE="Quantum Natural Gradient",
    YEAR="2018",}

@BOOK{BOOK:1,
    AUTHOR="Peter Wittek",
    TITLE="Quantum Machine Learning - What Quantum Computing Means to Data Mining",
    PUBLISHER="Elsevier AP, Academic Press",
    YEAR="2014",
}

@BOOK{BOOK:2,
    AUTHOR="Shalev-Shwartz S., Ben-David S",
    TITLE=" Understanding Machine Learning From Theory to Algorithms",
    PUBLISHER="Cambridge University Press",
    YEAR="2014",
}

@BOOK{BOOK:3,
    AUTHOR = "Ethem Alpaydm",
    TITLE = "Introduction to MachineLearning",
    PUBLISHER = "The MIT Press",
    YEAR = "2010"
}

@inproceedings{inproceedings,
author = "Aimeur, Esma and Zekrifa, Djabeur and Gambs, SÃ©bastien",
year = "2012",
month = "05",
pages = "431-442",
title = "Machine Learning in a Quantum World"
}

@BOOK{BOOK:4,
  author         = {VincentAndrearczykPaul F.Whelan},

  title          = {Biomedical Texture Analysis},
  chapter        = {Chapter 4 - Deep Learning in Texture Analysis and Its Application to Tissue Image Classification},
  publisher      = {Academic Press},
  year           = {2017}
}

@BOOk{BOOK:5,
  author         = {Behshad Mohebali,AmirhessamTahmassebi, AnkeMeyer-Baese, Amir H.Gandomi23},

  title          = {Handbook of Probabilistic Models},
  chapter        = {Chapter 14 - Probabilistic neural networks: a brief overview of theory, implementation, and application},
  publisher = " ",
  year           = {2020}
}